## cocktail problem
@article{cocktail,
  title={Some experiments on the recognition of speech, with one and with two ears},
  author={Cherry, E. Colin},
  journal={The Journal of the Acoustical Society of America},
  volume={25},
  number={5},
  pages={975--979},
  year={1953},
  publisher={Acoustical Society of America}
}

## whisper
@inproceedings{whisper,
  title={Robust speech recognition via large-scale weak supervision},
  author={Radford, Alec and Kim, Jong Wook and Xu, Tao and Brockman, Greg and McLeavey, Christine and Sutskever, Ilya},
  booktitle={International conference on machine learning},
  pages={28492--28518},
  year={2023},
  organization={PMLR}
}

## target speaker separation speaker verification
@INPROCEEDINGS{9414017,
  author={Zhang, Chunlei and Yu, Meng and Weng, Chao and Yu, Dong},
  booktitle={ICASSP 2021 - 2021 IEEE International Conference on Acoustics, Speech and Signal Processing (ICASSP)}, 
  title={Towards Robust Speaker Verification with Target Speaker Enhancement}, 
  year={2021},
  volume={},
  number={},
  pages={6693-6697},
  keywords={Training;Error analysis;Working environment noise;Conferences;Speech enhancement;Signal processing;Performance gain;robust speaker verification;target speaker enhancement;speaker embedding;deep learning;overlapped speech},
  doi={10.1109/ICASSP39728.2021.9414017}
}

@misc{rao2019targetspeakerextractionoverlapped,
      title={Target Speaker Extraction for Overlapped Multi-Talker Speaker Verification}, 
      author={Wei Rao and Chenglin Xu and Eng Siong Chng and Haizhou Li},
      year={2019},
      eprint={1902.02546},
      archivePrefix={arXiv},
      primaryClass={eess.AS},
      url={https://arxiv.org/abs/1902.02546}, 
}

## target speaker separation speech recognition
@inproceedings{molkov2017SpeakerAwareNN,
  title={Speaker-Aware Neural Network Based Beamformer for Speaker Extraction in Speech Mixtures},
  author={Kateřina Žmol{\'i}kov{\'a} and Marc Delcroix and Keisuke Kinoshita and Takuya Higuchi and Atsunori Ogawa and Tomohiro Nakatani},
  booktitle={Interspeech},
  year={2017},
  url={https://api.semanticscholar.org/CorpusID:5587779}
}

@INPROCEEDINGS{8462661,
  author={Delcroix, Marc and Zmolikova, Katerina and Kinoshita, Keisuke and Ogawa, Atsunori and Nakatani, Tomohiro},
  booktitle={2018 IEEE International Conference on Acoustics, Speech and Signal Processing (ICASSP)}, 
  title={Single Channel Target Speaker Extraction and Recognition with Speaker Beam}, 
  year={2018},
  volume={},
  number={},
  pages={5554-5558},
  keywords={Speech recognition;Feature extraction;Acoustics;Adaptation models;Training;Target recognition;Microphones;Speech Recognition;Speech mixtures;Speaker extraction;Adaptation;Robust ASR},
  doi={10.1109/ICASSP.2018.8462661}}

## conv-tasnet
@article{luo2019conv,
  title={Conv-tasnet: Surpassing ideal time--frequency magnitude masking for speech separation},
  author={Luo, Yi and Mesgarani, Nima},
  journal={IEEE/ACM transactions on audio, speech, and language processing},
  volume={27},
  number={8},
  pages={1256--1266},
  year={2019},
  publisher={IEEE}
}
## spex-plus
@article{spex_plus,
  title={Spex+: A complete time domain speaker extraction network},
  author={Ge, Meng and Xu, Chenglin and Wang, Longbiao and Chng, Eng Siong and Dang, Jianwu and Li, Haizhou},
  journal={arXiv preprint arXiv:2005.04686},
  year={2020}
}
##sef_net
@inproceedings{sef_net,
  title={SEF-Net: Speaker Embedding Free Target Speaker Extraction Network},
  author={Zeng, Bang and Suo, Hongbin and Wan, Yulong and Li, Ming},
  booktitle={Proc. Interspeech},
  pages={3452--3456},
  year={2023}
}
## sepformer
@INPROCEEDINGS{sepformer,
  author={Subakan, Cem and Ravanelli, Mirco and Cornell, Samuele and Bronzi, Mirko and Zhong, Jianyuan},
  booktitle={ICASSP 2021 - 2021 IEEE International Conference on Acoustics, Speech and Signal Processing (ICASSP)}, 
  title={Attention Is All You Need In Speech Separation}, 
  year={2021},
  volume={},
  number={},
  pages={21-25},
  keywords={Recurrent neural networks;Source separation;Computational modeling;Conferences;Computer architecture;Acoustics;Speech processing;speech separation;source separation;transformer;attention;deep learning},
  doi={10.1109/ICASSP39728.2021.9413901}}
## distortion problems
@article{distortion,
  title={Bridging the gap between monaural speech enhancement and recognition with distortion-independent acoustic modeling},
  author={Wang, Peidong and Tan, Ke and others},
  journal={IEEE/ACM Transactions on Audio, Speech, and Language Processing},
  volume={28},
  pages={39--48},
  year={2019},
  publisher={IEEE}
}

## target speaker diffusion
@article{target_diff,
  title={Conditional diffusion model for target speaker extraction},
  author={Nguyen, Theodor and Sun, Guangzhi and Zheng, Xianrui and Zhang, Chao and Woodland, Philip C},
  journal={arXiv preprint arXiv:2310.04791},
  year={2023}
}
## librispeech
@inproceedings{librispeech,
  title={Librispeech: an asr corpus based on public domain audio books},
  author={Panayotov, Vassil and Chen, Guoguo and Povey, Daniel and Khudanpur, Sanjeev},
  booktitle={2015 IEEE international conference on acoustics, speech and signal processing (ICASSP)},
  pages={5206--5210},
  year={2015},
  organization={IEEE}
}
## librimix
@article{librimix,
  title={Librimix: An open-source dataset for generalizable speech separation},
  author={Cosentino, Joris and Pariente, Manuel and Cornell, Samuele and Deleforge, Antoine and Vincent, Emmanuel},
  journal={arXiv preprint arXiv:2005.11262},
  year={2020}
}
## libritts
@article{libritts,
  title={Libritts: A corpus derived from librispeech for text-to-speech},
  author={Zen, Heiga and Dang, Viet and Clark, Rob and Zhang, Yu and Weiss, Ron J and Jia, Ye and Chen, Zhifeng and Wu, Yonghui},
  journal={arXiv preprint arXiv:1904.02882},
  year={2019}
}
## speechbrain
@article{speechbrain,
  title={SpeechBrain: A general-purpose speech toolkit},
  author={Ravanelli, Mirco and Parcollet, Titouan and Plantinga, Peter and Rouhe, Aku and Cornell, Samuele and Lugosch, Loren and Subakan, Cem and Dawalatabad, Nauman and Heba, Abdelwahab and Zhong, Jianyuan and others},
  journal={arXiv preprint arXiv:2106.04624},
  year={2021}
}
## usef_tes
@article{usef_tes,
  title={USEF-TSE: Universal Speaker Embedding Free Target Speaker Extraction},
  author={Zeng, Bang and Li, Ming},
  journal={arXiv preprint arXiv:2409.02615},
  year={2024}
}
## dnsmos
@inproceedings{dnsmos,
  title={DNSMOS P. 835: A non-intrusive perceptual objective speech quality metric to evaluate noise suppressors},
  author={Reddy, Chandan KA and Gopal, Vishak and Cutler, Ross},
  booktitle={ICASSP 2022-2022 IEEE International Conference on Acoustics, Speech and Signal Processing (ICASSP)},
  pages={886--890},
  year={2022},
  organization={IEEE}
}
## dWER
@inproceedings{dwer,
  title={Sequential multi-frame neural beamforming for speech separation and enhancement},
  author={Wang, Zhong-Qiu and Erdogan, Hakan and Wisdom, Scott and Wilson, Kevin and Raj, Desh and Watanabe, Shinji and Chen, Zhuo and Hershey, John R},
  booktitle={2021 IEEE Spoken Language Technology Workshop (SLT)},
  pages={905--911},
  year={2021},
  organization={IEEE}
}

## wespeaker
@inproceedings{wespeaker,
  title={Wespeaker: A research and production oriented speaker embedding learning toolkit},
  author={Wang, Hongji and Liang, Chengdong and Wang, Shuai and Chen, Zhengyang and Zhang, Binbin and Xiang, Xu and Deng, Yanlei and Qian, Yanmin},
  booktitle={IEEE International Conference on Acoustics, Speech and Signal Processing (ICASSP)},
  pages={1--5},
  year={2023},
  organization={IEEE}
}
## knn_vc
@inproceedings{knn_vc,
  author={Matthew Baas and Benjamin van Niekerk and Herman Kamper},
  title={Voice Conversion With Just Nearest Neighbors},
  year=2023,
  booktitle={Interspeech},
}

## mask_sr
@article{mask_sr,
  title={MaskSR: Masked Language Model for Full-band Speech Restoration},
  author={Li, Xu and Wang, Qirui and Liu, Xiaoyu},
  journal={arXiv preprint arXiv:2406.02092},
  year={2024}
}

## target vae 
@ARTICLE{vae,
  author={Wang, Rui and Li, Li and Toda, Tomoki},
  journal={IEEE/ACM Transactions on Audio, Speech, and Language Processing}, 
  title={Dual-Channel Target Speaker Extraction Based on Conditional Variational Autoencoder and Directional Information}, 
  year={2024},
  volume={32},
  number={},
  pages={1968-1979},
  keywords={Direction-of-arrival estimation;Interference;Microphones;Source separation;Estimation error;Data mining;Artificial neural networks;Multichannel source separation;target speaker extraction;multichannel variational autoencoder (MVAE)},
  doi={10.1109/TASLP.2024.3376154}}

## tokensplit
@article{tokensplit,
  title={Tokensplit: Using discrete speech representations for direct, refined, and transcript-conditioned speech separation and recognition},
  author={Erdogan, Hakan and Wisdom, Scott and Chang, Xuankai and Borsos, Zal{\'a}n and Tagliasacchi, Marco and Zeghidour, Neil and Hershey, John R},
  journal={arXiv preprint arXiv:2308.10415},
  year={2023}
}

## generation_tse
@INPROCEEDINGS{gen_tse,
  author={Yu, Linfeng and Zhang, Wangyou and Du, Chenpeng and Zhang, Leying and Liang, Zheng and Qian, Yanmin},
  booktitle={ICASSP 2024 - 2024 IEEE International Conference on Acoustics, Speech and Signal Processing (ICASSP)}, 
  title={Generation-Based Target Speech Extraction with Speech Discretization and Vocoder}, 
  year={2024},
  volume={},
  number={},
  pages={12612-12616},
  keywords={Vocoders;Interference;Boosting;Frequency estimation;Acoustics;Recording;Noise measurement;Target speech extraction;speech discretization;speech synthesis;vocoder},
  doi={10.1109/ICASSP48485.2024.10446418}}
## vq-wav2vec
@article{vq_wav2vec,
  title={vq-wav2vec: Self-supervised learning of discrete speech representations},
  author={Baevski, Alexei and Schneider, Steffen and Auli, Michael},
  journal={arXiv preprint arXiv:1910.05453},
  year={2019}
}


## wavlm
@ARTICLE{wavlm,
  author={Chen, Sanyuan and Wang, Chengyi and Chen, Zhengyang and Wu, Yu and Liu, Shujie and Chen, Zhuo and Li, Jinyu and Kanda, Naoyuki and Yoshioka, Takuya and Xiao, Xiong and Wu, Jian and Zhou, Long and Ren, Shuo and Qian, Yanmin and Qian, Yao and Wu, Jian and Zeng, Michael and Yu, Xiangzhan and Wei, Furu},
  journal={IEEE Journal of Selected Topics in Signal Processing}, 
  title={WavLM: Large-Scale Self-Supervised Pre-Training for Full Stack Speech Processing}, 
  year={2022},
  volume={16},
  number={6},
  pages={1505-1518},
  keywords={Predictive models;Self-supervised learning;Speech processing;Speech recognition;Convolution;Benchmark testing;Self-supervised learning;speech pre-training},
  doi={10.1109/JSTSP.2022.3188113}}
## hubert
@article{hubert,
  title={Hubert: Self-supervised speech representation learning by masked prediction of hidden units},
  author={Hsu, Wei-Ning and Bolte, Benjamin and Tsai, Yao-Hung Hubert and Lakhotia, Kushal and Salakhutdinov, Ruslan and Mohamed, Abdelrahman},
  journal={IEEE/ACM transactions on audio, speech, and language processing},
  volume={29},
  pages={3451--3460},
  year={2021},
  publisher={IEEE}
}
## dasb
@article{dasb,
  title={DASB--Discrete Audio and Speech Benchmark},
  author={Mousavi, Pooneh and Della Libera, Luca and Duret, Jarod and Ploujnikov, Artem and Subakan, Cem and Ravanelli, Mirco},
  journal={arXiv preprint arXiv:2406.14294},
  year={2024}
}
## unit-hifigan
@article{unit_hifi,
  title={How Should We Extract Discrete Audio Tokens from Self-Supervised Models?},
  author={Mousavi, Pooneh and Duret, Jarod and Zaiem, Salah and Della Libera, Luca and Ploujnikov, Artem and Subakan, Cem and Ravanelli, Mirco},
  journal={arXiv preprint arXiv:2406.10735},
  year={2024}
}
## speech tokenizer
@misc{speech_tokenizer,
      title={SpeechTokenizer: Unified Speech Tokenizer for Speech Large Language Models}, 
      author={Xin Zhang and Dong Zhang and Shimin Li and Yaqian Zhou and Xipeng Qiu},
      year={2024},
      eprint={2308.16692},
      archivePrefix={arXiv},
      primaryClass={cs.CL},
      url={https://arxiv.org/abs/2308.16692}, 
}

## dac
@article{dac,
  title={High-Fidelity Audio Compression with Improved RVQGAN},
  author={Rithesh Kumar and Prem Seetharaman and Alejandro Luebs and Ishaan Kumar and Kundan Kumar},
  journal={ArXiv},
  year={2023},
  volume={abs/2306.06546},
  url={https://api.semanticscholar.org/CorpusID:259138883}
}


## superb
@article{superb,
  title={Superb: Speech processing universal performance benchmark},
  author={Yang, Shu-wen and Chi, Po-Han and Chuang, Yung-Sung and Lai, Cheng-I Jeff and Lakhotia, Kushal and Lin, Yist Y and Liu, Andy T and Shi, Jiatong and Chang, Xuankai and Lin, Guan-Ting and others},
  journal={arXiv preprint arXiv:2105.01051},
  year={2021}
}
## selm 
@inproceedings{selm,
  title={SELM: Speech enhancement using discrete tokens and language models},
  author={Wang, Ziqian and Zhu, Xinfa and Zhang, Zihan and Lv, YuanJun and Jiang, Ning and Zhao, Guoqing and Xie, Lei},
  booktitle={ICASSP 2024-2024 IEEE International Conference on Acoustics, Speech and Signal Processing (ICASSP)},
  pages={11561--11565},
  year={2024},
  organization={IEEE}
}

# audio lm
@article{audio_gen,
  title={Audiogen: Textually guided audio generation},
  author={Kreuk, Felix and Synnaeve, Gabriel and Polyak, Adam and Singer, Uriel and D{\'e}fossez, Alexandre and Copet, Jade and Parikh, Devi and Taigman, Yaniv and Adi, Yossi},
  journal={arXiv preprint arXiv:2209.15352},
  year={2022}
}
# audio lm
@article{deshmukh2023pengi,
  title={Pengi: An audio language model for audio tasks},
  author={Deshmukh, Soham and Elizalde, Benjamin and Singh, Rita and Wang, Huaming},
  journal={Advances in Neural Information Processing Systems},
  volume={36},
  pages={18090--18108},
  year={2023}
}
#laura
@article{chen2023lauragpt,
  title={Lauragpt: Listen, attend, understand, and regenerate audio with gpt},
  author={Chen, Qian and Chu, Yunfei and Gao, Zhifu and Li, Zerui and Hu, Kai and Zhou, Xiaohuan and Xu, Jin and Ma, Ziyang and Wang, Wen and Zheng, Siqi and others},
  journal={arXiv preprint arXiv:2310.04673},
  year={2023}
}

# l1
@article{l1,
  title={Attention is all you need},
  author={Vaswani, Ashish and Shazeer, Noam and Parmar, Niki and Uszkoreit, Jakob and Jones, Llion and Gomez, Aidan N and Kaiser, Lukasz and Polosukhin, Illia},
  journal={Advances in neural information processing systems},
  volume={30},
  year={2017}
}

# l2
@article{l2,
  title={Improving language understanding by generative pre-training},
  author={Radford, Alec and Narasimhan, Karthik and Salimans, Tim and Sutskever, Ilya},
  journal={OpenAI Blog},
  volume={1},
  number={8},
  year={2018}
}

# l3
@article{l3,
  title={BERT: Pre-training of Deep Bidirectional Transformers for Language Understanding},
  author={Devlin, Jacob and Chang, Ming-Wei and Lee, Kenton and Toutanova, Kristina},
  journal={arXiv preprint arXiv:1810.04805},
  year={2018}
}

# l4
@inproceedings{l4,
  title={Language models are few-shot learners},
  author={Brown, Tom and Mann, Benjamin and Ryder, Nick and Subbiah, Melanie and Kaplan, Jared D and Dhariwal, Prafulla and Neelakantan, Arvind and Shyam, Pranav and Sastry, Girish and Askell, Amanda and others},
  booktitle={Advances in neural information processing systems},
  volume={33},
  pages={1877--1901},
  year={2020}
}

# l5
@article{l5,
  title={Exploring the limits of transfer learning with a unified text-to-text transformer},
  author={Raffel, Colin and Shazeer, Noam and Roberts, Adam and Lee, Katherine and Narang, Sharan and Matena, Michael and Zhou, Yanqi and Li, Wei and Liu, Peter J},
  journal={Journal of Machine Learning Research},
  volume={21},
  number={140},
  pages={1--67},
  year={2020}
}

## wsj0
@inproceedings{wsj0,
  title={Deep clustering: Discriminative embeddings for segmentation and separation},
  author={Hershey, John R and Chen, Zhuo and Le Roux, Jonathan and Watanabe, Shinji},
  booktitle={2016 IEEE international conference on acoustics, speech and signal processing (ICASSP)},
  pages={31--35},
  year={2016},
  organization={IEEE}
}

##
@article{laura,
  title={Lauragpt: Listen, attend, understand, and regenerate audio with gpt},
  author={Du, Zhihao and Wang, Jiaming and Chen, Qian and Chu, Yunfei and Gao, Zhifu and Li, Zerui and Hu, Kai and Zhou, Xiaohuan and Xu, Jin and Ma, Ziyang and others},
  journal={arXiv preprint arXiv:2310.04673},
  year={2023}
}