## cocktail problem
@article{cocktail,
  title={Some experiments on the recognition of speech, with one and with two ears},
  author={Cherry, E. Colin},
  journal={The Journal of the Acoustical Society of America},
  volume={25},
  number={5},
  pages={975--979},
  year={1953},
  publisher={Acoustical Society of America}
}

## target speaker separation speaker verification
@INPROCEEDINGS{9414017,
  author={Zhang, Chunlei and Yu, Meng and Weng, Chao and Yu, Dong},
  booktitle={ICASSP 2021 - 2021 IEEE International Conference on Acoustics, Speech and Signal Processing (ICASSP)}, 
  title={Towards Robust Speaker Verification with Target Speaker Enhancement}, 
  year={2021},
  volume={},
  number={},
  pages={6693-6697},
  keywords={Training;Error analysis;Working environment noise;Conferences;Speech enhancement;Signal processing;Performance gain;robust speaker verification;target speaker enhancement;speaker embedding;deep learning;overlapped speech},
  doi={10.1109/ICASSP39728.2021.9414017}
}

@misc{rao2019targetspeakerextractionoverlapped,
      title={Target Speaker Extraction for Overlapped Multi-Talker Speaker Verification}, 
      author={Wei Rao and Chenglin Xu and Eng Siong Chng and Haizhou Li},
      year={2019},
      eprint={1902.02546},
      archivePrefix={arXiv},
      primaryClass={eess.AS},
      url={https://arxiv.org/abs/1902.02546}, 
}

## target speaker separation speech recognition
@inproceedings{molkov2017SpeakerAwareNN,
  title={Speaker-Aware Neural Network Based Beamformer for Speaker Extraction in Speech Mixtures},
  author={Kateřina Žmol{\'i}kov{\'a} and Marc Delcroix and Keisuke Kinoshita and Takuya Higuchi and Atsunori Ogawa and Tomohiro Nakatani},
  booktitle={Interspeech},
  year={2017},
  url={https://api.semanticscholar.org/CorpusID:5587779}
}

@INPROCEEDINGS{8462661,
  author={Delcroix, Marc and Zmolikova, Katerina and Kinoshita, Keisuke and Ogawa, Atsunori and Nakatani, Tomohiro},
  booktitle={2018 IEEE International Conference on Acoustics, Speech and Signal Processing (ICASSP)}, 
  title={Single Channel Target Speaker Extraction and Recognition with Speaker Beam}, 
  year={2018},
  volume={},
  number={},
  pages={5554-5558},
  keywords={Speech recognition;Feature extraction;Acoustics;Adaptation models;Training;Target recognition;Microphones;Speech Recognition;Speech mixtures;Speaker extraction;Adaptation;Robust ASR},
  doi={10.1109/ICASSP.2018.8462661}}

## conv-tasnet
@article{luo2019conv,
  title={Conv-tasnet: Surpassing ideal time--frequency magnitude masking for speech separation},
  author={Luo, Yi and Mesgarani, Nima},
  journal={IEEE/ACM transactions on audio, speech, and language processing},
  volume={27},
  number={8},
  pages={1256--1266},
  year={2019},
  publisher={IEEE}
}
## spex-plus
@misc{spex_plus,
      title={SpEx+: A Complete Time Domain Speaker Extraction Network}, 
      author={Meng Ge and Chenglin Xu and Longbiao Wang and Eng Siong Chng and Jianwu Dang and Haizhou Li},
      year={2020},
      eprint={2005.04686},
      archivePrefix={arXiv},
      primaryClass={eess.AS},
      url={https://arxiv.org/abs/2005.04686}, 
}
##sef_net
@inproceedings{sef_net,
  title={SEF-Net: Speaker Embedding Free Target Speaker Extraction Network},
  author={Bang Zeng and Hongbin Suo and Yulong Wan and Ming Li},
  booktitle={Interspeech},
  year={2023},
  url={https://api.semanticscholar.org/CorpusID:260912744}
}
## sepformer
@INPROCEEDINGS{sepformer,
  author={Subakan, Cem and Ravanelli, Mirco and Cornell, Samuele and Bronzi, Mirko and Zhong, Jianyuan},
  booktitle={ICASSP 2021 - 2021 IEEE International Conference on Acoustics, Speech and Signal Processing (ICASSP)}, 
  title={Attention Is All You Need In Speech Separation}, 
  year={2021},
  volume={},
  number={},
  pages={21-25},
  keywords={Recurrent neural networks;Source separation;Computational modeling;Conferences;Computer architecture;Acoustics;Speech processing;speech separation;source separation;transformer;attention;deep learning},
  doi={10.1109/ICASSP39728.2021.9413901}}
## distortion problems
@misc{distortion,
      title={Bridging the Gap Between Monaural Speech Enhancement and Recognition with Distortion-Independent Acoustic Modeling}, 
      author={Peidong Wang and Ke Tan and DeLiang Wang},
      year={2019},
      eprint={1903.04567},
      archivePrefix={arXiv},
      primaryClass={eess.AS},
      url={https://arxiv.org/abs/1903.04567}, 
}

@article{b1,
  author    = {G. Eason and B. Noble and I. N. Sneddon},
  title     = {On certain integrals of Lipschitz-Hankel type involving products of Bessel functions},
  journal   = {Phil. Trans. Roy. Soc. London},
  volume    = {A247},
  pages     = {529--551},
  month     = {April},
  year      = {1955},
}

@book{b2,
  author    = {J. Clerk Maxwell},
  title     = {A Treatise on Electricity and Magnetism},
  edition   = {3rd},
  volume    = {2},
  publisher = {Clarendon},
  address   = {Oxford},
  year      = {1892},
  pages     = {68--73},
}

@incollection{b3,
  author    = {I. S. Jacobs and C. P. Bean},
  title     = {Fine particles, thin films and exchange anisotropy},
  booktitle = {Magnetism},
  volume    = {III},
  editor    = {G. T. Rado and H. Suhl},
  publisher = {Academic},
  address   = {New York},
  year      = {1963},
  pages     = {271--350},
}

@unpublished{b4,
  author    = {K. Elissa},
  title     = {Title of paper if known},
  note      = {unpublished},
}

@article{b5,
  author    = {R. Nicole},
  title     = {Title of paper with only first word capitalized},
  journal   = {J. Name Stand. Abbrev.},
  note      = {in press},
}

@article{b6,
  author    = {Y. Yorozu and M. Hirano and K. Oka and Y. Tagawa},
  title     = {Electron spectroscopy studies on magneto-optical media and plastic substrate interface},
  journal   = {IEEE Transl. J. Magn. Japan},
  volume    = {2},
  pages     = {740--741},
  month     = {August},
  year      = {1987},
  note      = {[Digests 9th Annual Conf. Magnetics Japan, p. 301, 1982]},
}

@book{b7,
  author    = {M. Young},
  title     = {The Technical Writer's Handbook},
  publisher = {University Science},
  address   = {Mill Valley, CA},
  year      = {1989},
}

@misc{b8,
  author    = {D. P. Kingma and M. Welling},
  title     = {Auto-encoding variational Bayes},
  year      = {2013},
  archivePrefix = {arXiv},
  eprint    = {1312.6114},
  url       = {https://arxiv.org/abs/1312.6114},
}

@misc{b9,
  author    = {S. Liu},
  title     = {Wi-Fi Energy Detection Testbed (12MTC)},
  year      = {2023},
  howpublished = {gitHub repository},
  url       = {https://github.com/liustone99/Wi-Fi-Energy-Detection-Testbed-12MTC},
}

@misc{b10,
  author    = {U.S. Department of Health and Human Services, Substance Abuse and Mental Health Services Administration, Office of Applied Studies},
  title     = {Treatment episode data set: discharges (TEDS-D): concatenated, 2006 to 2009},
  month     = {August},
  year      = {2013},
  doi       = {10.3886/ICPSR30122.v2},
}

@misc{b11,
  author    = {K. Eves and J. Valasek},
  title     = {Adaptive control for singularly perturbed systems examples},
  howpublished = {Code Ocean},
  month     = {August},
  year      = {2023},
  url       = {https://codeocean.com/capsule/4989235/tree},
}